@misc{satuelisa,
     title = {busqueda local},
     author = {Schaffer, E.},
     url = {https://elisa.dyndns-web.com/teaching/comp/par/p8.html},
     year = 2020
}
@misc{doctora,
     title = {busqueda local},
     author = {Schaffer, E.},
     url = {https://github.com/satuelisa/Simulation/blob/master/UrnModel/aggrFrag.py},
     year = 2020
}
@misc{discord,
title = {Conversacion grupal en Discord},
  author = {Schaeffer, E.},
year=2020
}
@misc{yo,
author= {Qui\~nonez, O.},
 title = {tareaocho},
 url = {https://github.com/OscarNANO/OscarNANO/tree/master/tareaocho},
 year = 2020,
 month = nov}
}



