@misc{satuelisa,
     title = {Proyecto final},
     author = {Schaeffer, E.},
     url = {https://elisa.dyndns-web.com/teaching/comp/par/proyecto.html},
     year = 2020
}
@misc{doctora,
     title = {Ejemplo de cita},
     author = {Schaeffer, E.},
     url = {https://elisa.dyndns-web.com/teaching/comp/sim/reporte.html},
     year = 2020
}
@misc{yo,
author= {Qui\~nonez, O.},
 title = {Proyecto},
 url = {https://github.com/OscarNANO/OscarNANO/tree/master/proyecto},
 year = 2020,
 month = dic}
}
@Book{ref1,
    author={Maldonado, J.},
    title={Aceros y sus aplicaciones.},
    publisher={FIME, UANL.},
    year=1996
}
@Book{ref2,
    author={Llulluna, F.},
    title={Procesamiento de im\'agenes mediante software libre python para el an\'alisis metalogr\'afico.},
    publisher={Facultad de Ingnier\'ia Mec\'anica, Escuela Polit\'ecnica Nacional, Ecuador.},
    year=2014
}
@Book{ref3,
    author={Silva, A.},
    title={Desarrollo del c\'odigo de programaci\'on para procesamiento de im\'agenes aplicada en fundiciones nodulares.},
    publisher={Facultad de Ingnier\'ia Mec\'anica, Escuela Polit\'ecnica Nacional, Ecuador.},
    year=2017
}
@Book{ref4,
    author={Chiriboga, C.},
    title={Desarrollo de un c\'odigo de programaci\'on en lenguaje python para generaci\'on de gr\'aficas de Ashby aplicadas a la selecci\'on de materiales.},
    publisher={Facultad de Ingnier\'ia Mec\'anica, Escuela Polit\'ecnica Nacional, Ecuador.},
    year=2018
}
@Book{ref5,
    author={Askeland, D. R.},
    title={La ciencia e ingenier\'ia de los materiales.},
    publisher={International Thomson Editores.},
    year=2004
}
@Book{ref6,
    author={Castro, M.},
    title={Software para la caracterizaci\'on de aceros al carbono mediente el procesamiento digital de im\'agenes.},
    publisher={Universidad Central Marta Abreu de las villas, Cuba.},
    year=2012
}
@Book{ref7,
    author={Flores, J.},
    title={Sintesis digital de color utilizando tonos de gris.},
    publisher={Facultad de ciencias, UASLP.},
    year=2009
}
@Article{metal,
     author = {San Martin, D.},
     title={Effect of heating rate on reaustenitation of low carbon steel},
     journal={Materials science and technology},
    year=2008
}
@Article{metal2,
     author = {Anazadeh, A; Kheirandish Sh.},
     title={Affect of the tempering temperature on the microstructure and mechanical properties of dual phase steels},
     journal={Materials science and technology},
    year=2012
}
@Book{ref8,
    author={Mart\'inez, M. A.},
    title={Efecto de adici\'on de vanadio en la microestructura y propiedades mec\'anicas del hierro d\'uctil ADIs y CADIs.},
    publisher={Departamento de Ingenier\'ia Metal\'urgica y Materiales, ESIQIE, IPN.},
    year=2018
}
