@misc{satuelisa,
     title = {Proyecto final},
     author = {Schaeffer, E.},
     url = {https://elisa.dyndns-web.com/teaching/comp/par/proyecto.html},
     year = 2020
}
@misc{doctora,
     title = {Ejemplo de cita},
     author = {Schaeffer, E.},
     url = {https://elisa.dyndns-web.com/teaching/comp/sim/reporte.html},
     year = 2020
}
@misc{yo,
author= {Qui\~nonez, O.},
 title = {Proyecto},
 url = {https://github.com/OscarNANO/OscarNANO/tree/master/proyecto},
 year = 2020,
 month = dic}
}



