\begin {document}
@book{Hola,
    \author = {Oscar},
    \tilte = {Primer Intento},
    \publisher = {UANL}.
    \year = 1999
}

@article{art,
    \author = {Oscar},
    \title = {aprendiendo bibliografias},
    \journal = {Revista de ingenierias},
}
\end {document}


