@misc{satuelisa,
 author = {Schaeffer, E.},
 title = {Pr{\'a}ctica 3: Teor\'ia de Colas},
 url = {https://elisa.dyndns-web.com/teaching/comp/par/p3.html},
 year = 2020,
 month = sep
}
@misc{baz,
author= {Schaeffer, E.},
 title = {Pr{\'a}ctica 3},
 url = {https://github.com/satuelisa/Simulation/blob/master/QueuingTheory/ordering.py},
 year = 2020,
 month = sep}
}
@misc{yo,
author= {Qui\~nonez, O.},
 title = {tareados},
 url = {https://github.com/OscarNANO/OscarNANO/tree/master/tareatres},
 year = 2020,
 month = sep}
}