@misc{satuelisa,
     title = {Pr{\'a}ctica 4: diagramas de voronoi},
     author = {Schaeffer, E.},
     url = {https://elisa.dyndns-web.com/teaching/comp/par/p4.html},
     year = 2020
}
@misc{baz,
     title = {VoronoiDiagrams},
     author = {Schaffer, E.},
     url = {https://github.com/satuelisa/Simulation/tree/master/VoronoiDiagrams},
     year = 2020
}
@misc{yo,
author= {Qui\~nonez, O.},
 title = {tareados},
 url = {https://github.com/OscarNANO/OscarNANO/tree/master/tareacuatro},
 year = 2020,
 month = sep}
}


