@misc{satuelisa,
 author = {Schaeffer, E.},
 title = {Pr{\'a}ctica 2: Aut\'omata Celular},
 url = {https://elisa.dyndns-web.com/teaching/comp/par/p2.html},
 year = 2020,
 month = sep
}
@misc{baz,
author= {Schaeffer, E.},
 title = {Pr{\'a}ctica 2},
 url = {https://github.com/satuelisa/Simulation/blob/master/CellularAutomata/gameOfLife.py},
 year = 2020,
 month = sep}
}
@misc{yo,
author= {Qui\~nonez, O.},
 title = {tareados},
 url = {https://github.com/OscarNANO/OscarNANO/tree/master/tareados},
 year = 2020,
 month = sep}
}



