@misc{satuelisa,
     title = {Red Neuronal},
     author = {Schaeffer, E.},
     url = {https://elisa.dyndns-web.com/teaching/comp/par/p12.html},
     year = 2020
}
@misc{doctora,
     title = {Red Neuronal},
     author = {Schaeffer, E.},
     url = {https://github.com/satuelisa/Simulation/blob/master/NeuralNetwork/ann.py},
     year = 2020
}
@misc{yo,
author= {Qui\~nonez, O.},
 title = {tareadoce},
 url = {https://github.com/OscarNANO/OscarNANO/tree/master/tareadoce},
 year = 2020,
 month = dic}
}



