@misc{satuelisa,
     title = {Frentes de Pareto},
     author = {Schaeffer, E.},
     url = {https://elisa.dyndns-web.com/teaching/comp/par/p11.html},
     year = 2020
}
@misc{doctora,
     title = {Frentes de Pareto},
     author = {Schaeffer, E.},
     url = {https://github.com/satuelisa/Simulation/blob/master/ParetoFronts/violin.py},
     year = 2020
}
@misc{yo,
author= {Qui\~nonez, O.},
 title = {tareaonce},
 url = {https://github.com/OscarNANO/OscarNANO/tree/master/tareaonce},
 year = 2020,
 month = dic}
}



