@misc{satuelisa,
     title = {Interacciones entre part\'iculas},
     author = {Schaffer, E.},
     url = {https://elisa.dyndns-web.com/teaching/comp/par/p9.html},
     year = 2020
}

@misc{doctora,
     title = {Interacciones entre part\'iculas},
     author = {Schaffer, E.},
     url = {https://github.com/satuelisa/Simulation/blob/master/Particles/interaction.py},
     year = 2020
}

@misc{yo,
author= {Qui\~nonez, O.},
 title = {tareaocho},
 url = {https://github.com/OscarNANO/OscarNANO/tree/master/tareanueve},
 year = 2020,
 month = nov}
}



