@misc{satuelisa,
     title = {Algoritmo gen\'etico},
     author = {Schaffer, E.},
     url = {https://elisa.dyndns-web.com/teaching/comp/par/p10.html},
     year = 2020
}
@misc{doctora,
     title = {Algoritmo gen\'etico},
     author = {Schaffer, E.},
     url = {https://github.com/satuelisa/Simulation/blob/master/GeneticAlgorithm/basicGA.py},
     year = 2020
}
@misc{yo,
author= {Qui\~nonez, O.},
 title = {tareadiez},
 url = {https://github.com/OscarNANO/OscarNANO/tree/master/tareadiez},
 year = 2020,
 month = nov}
}



