@misc{satuelisa,
     title = {Pr{\'a}ctica 6: Sistema Multiagente},
     author = {Schaeffer, E.},
     url = {https://elisa.dyndns-web.com/teaching/comp/par/p6.html},
     year = 2020
}
@misc{satu,
     title = {Sistema Multiagente},
     author = {Schaffer, E.},
     url = {https://github.com/satuelisa/Simulation/tree/master/MultiAgent},
     year = 2020
}
@misc{yo,
author= {Qui\~nonez, O.},
 title = {tareaseis},
 url = {https://github.com/OscarNANO/OscarNANO/tree/master/tareaseis},
 year = 2020,
 month = oct}
}



