@misc{satuelisa,
     title = {Pr{\'a}ctica 5: M\'etodo Monte-carlo},
     author = {Schaeffer, E.},
     url = {https://github.com/satuelisa/Simulation/blob/master/MonteCarlo/rng.R},
     year = 2020
}
@misc{yo,
author= {Qui\~nonez, O.},
 title = {tareacinco},
 url = {https://github.com/OscarNANO/OscarNANO/tree/master/tareacinco},
 year = 2020,
 month = sep}
}
@misc{kurt,
     title = {Aplicaci\'on de la t\'ecnica de simulaci\'on Monte Carlo},
     author = { P\'erez, P.},
  url = {https://www.famaf.unc.edu.ar/~pperez1/manuales/cim/cap6.html},
     year = 2018
}



