@misc{satuelisa,
 author = {Schaeffer, E.},
 title = {Pr{\'a}ctica 1: Movimiento Browniano},
 url = {https://elisa.dyndns-web.com/teaching/comp/par/p1.html},
 year = 2020,
 month = sep
}
@misc{clara,
author= {Tellez, C},
 title = {Pr{\'a}ctica 1},
 url = {https://github.com/claratepa/Simulacion/tree/master/Practica1},
 year = 2020,
 month = sep}
}
