@book{baz,
     author = {Braun, E.},
     year = {2011}     
     tilte = {Un movimiento en zigzag},
     publisher = {Fondo de Cultura Economica},  
}
@book{mov,
     author = {Lavenda, B.},
     year = {2005}
     tilte = {movimiento browniano},
     publisher = {Universidad Nacional de Cordova, Argentina},    
}
@article{dat,
     author={Chamorro, D},
     year= {2012}
     title= {algunas herramientas matematicas para la economiÂ­a y las finanzas: el movimiento Browniano y la integral de Wiener},
     journal={Revista Analitika},
     volume={3},
     number={1},
     month={ene},    
}