@misc{satuelisa,
     title = {busqueda local},
     author = {Schaffer, E.},
     url = {https://github.com/satuelisa/Simulation/tree/master/LocalSearch},
     year = 2020
}
@misc{yo,
author= {Qui\~nonez, O.},
 title = {tareasiete},
 url = {https://github.com/OscarNANO/OscarNANO/tree/master/tareasiete},
 year = 2020,
 month = nov}
}



